@misc{cisco2018-2023,
  author       = {Cisco Systems},
  title        = {Cisco Annual Internet Report (2018â€“2023)},
  howpublished = {\url{https://www.cisco.com/c/en/us/solutions/collateral/executive-perspectives/annual-internet-report/white-paper-c11-741490.html}},
}

@article{promise-of-edge-computing,
  title={The Promise of Edge Computing},
  author={W. Shi and S. Dustdar},
  journal={Computer},
  volume={49},
  number={5},
  pages={78-81},
  year={2016},
}

@misc{simpy,
  author       = {Team SimPy},
  title        = {SimPy},
  howpublished = {\url{https://simpy.readthedocs.io/en/latest/about/index.html}},
}

@article{optical-fiber-latency,
  title={Latency in optical fiber systems},
  author={Joseph Coffey},
  year={2017},
}


% Examples:

@article{barbieri2013topic,
  title={Topic-aware social influence propagation models},
  author={Barbieri, Nicola and Bonchi, Francesco and Manco, Giuseppe},
  journal={Knowledge and information systems},
  volume={37},
  number={3},
  pages={555--584},
  year={2013},
  publisher={Springer}
}

@inproceedings{nuara2020driving,
  title={Driving Exploration by Maximum Distribution in Gaussian Process Bandits},
  author={Nuara, Alessandro and Trov{\`o}, Francesco and Crippa, Dominic and Gatti, Nicola and Restelli, Marcello},
  booktitle={Proceedings of the 19th International Conference on Autonomous Agents and MultiAgent Systems},
  pages={948--956},
  year={2020}
}

%----------------------------------------------
%					DATASETS
%----------------------------------------------

@misc{snapnets,
  author       = {Jure Leskovec and Andrej Krevl},
  title        = {{SNAP Datasets}: {Stanford} Large Network Dataset Collection},
  howpublished = {\url{http://snap.stanford.edu/data}},
  month        = jun,
  year         = 2014
}
@misc{Zafarani+Liu:2009,
author = "R. Zafarani and H. Liu",
year = "2009",
title = "Social Computing Data Repository at {ASU}",
url = "http://socialcomputing.asu.edu",
institution = "Arizona State University, School of Computing, Informatics and Decision Systems Engineering" }

%----------------------------------------------
%					OTHER
%----------------------------------------------

@article{lindzey1968handbook,
  title={The handbook of social psychology},
  author={Lindzey, Gardner Ed and Aronson, Elliot Ed},
  year={1968},
  publisher={Addison-Wesley}
}