@misc{cisco2018-2023,
  author       = {Cisco Systems},
  title        = {Cisco Annual Internet Report (2018â€“2023)},
  howpublished = {\url{https://www.cisco.com/c/en/us/solutions/collateral/executive-perspectives/annual-internet-report/white-paper-c11-741490.html}},
  month        = mar,
  year         = 2020
}

@article{promise-of-edge-computing,
  title={The Promise of Edge Computing},
  author={W. Shi and S. Dustdar},
  journal={Computer},
  volume={49},
  number={5},
  pages={78-81},
  year={2016},
}

@misc{simpy,
  author       = {Team SimPy},
  title        = {SimPy},
  howpublished = {\url{https://simpy.readthedocs.io/en/latest/about/index.html}},
  year         = {2020}
}

@misc{optical-fiber-latency,
  title={Latency in optical fiber systems},
  author={Joseph Coffey},
  year={2017},
}



% Examples:
%% This BibTeX bibliography file was created using BibDesk.
%% http://bibdesk.sourceforge.net/
% Encoding: UTF-8

@inproceedings{nuara2020driving,
  title={Driving Exploration by Maximum Distribution in Gaussian Process Bandits},
  author={Nuara, Alessandro and Trov{\`o}, Francesco and Crippa, Dominic and Gatti, Nicola and Restelli, Marcello},
  booktitle={Proceedings of the 19th International Conference on Autonomous Agents and MultiAgent Systems},
  pages={948--956},
  year={2020}
}

@article{knuth74,
    author = {Knuth, Donald E.},
    title = {Computer Programming As an Art},
    journal = {Commun. ACM},
    year = {1974},
    pages = {667--673},
    numpages = {7},
    publisher = {ACM},
    address = {New York, NY, USA}
}

@article{knuth92,
    author = {Knuth, Donald E.},
    title = {Two notes on notation},
    journal = {Amer. Math. Monthly},
    volume = {99},
    year = {1992},
    pages = {403--422}
}

@book{lamport94,
    title = {LaTeX: A Document Preparation System},
    author = {Lamport, Leslie},
    year = {1994},
    publisher = {Pearson Education India}
}

@article{article,
  author  = {Peter Adams}, 
  title   = {The title of the work},
  journal = {The name of the journal},
  year    = 1993,
  number  = 2,
  pages   = {201-213},
  month   = 7,
  note    = {An optional note}, 
  volume  = 4
}

@book{book,
  author    = {Peter Babington}, 
  title     = {The title of the work},
  publisher = {The name of the publisher},
  year      = 1993,
  volume    = 4,
  series    = 10,
  address   = {The address},
  edition   = 3,
  month     = 7,
  note      = {An optional note},
  isbn      = {3257227892}
}

@booklet{booklet,
  title        = {The title of the work},
  author       = {Peter Caxton}, 
  howpublished = {How it was published},
  address      = {The address of the publisher},
  month        = 7,
  year         = 1993,
  note         = {An optional note}
}

@conference{conference,
  author       = {Peter Draper}, 
  title        = {The title of the work},
  booktitle    = {The title of the book},
  year         = 1993,
  editor       = {The editor},
  volume       = 4,
  series       = 5,
  pages        = 213,
  address      = {The address of the publisher},
  month        = 7,
  organization = {The organization},
  publisher    = {The publisher},
  note         = {An optional note}  
}

@inbook{inbook,
  author       = {Peter Eston}, 
  title        = {The title of the work},
  chapter      = 8,
  pages        = {201-213},
  publisher    = {The name of the publisher},
  year         = 1993,
  volume       = 4,
  series       = 5,
  address      = {The address of the publisher},
  edition      = 3,
  month        = 7,
  note         = {An optional note}
}

@incollection{incollection,
  author       = {Peter Farindon}, 
  title        = {The title of the work},
  booktitle    = {The title of the book},
  publisher    = {The name of the publisher},
  year         = 1993,
  editor       = {The editor},
  volume       = 4,
  series       = 5,
  chapter      = 8,
  pages        = {201-213},
  address      = {The address of the publisher},
  edition      = 3,
  month        = 7,
  note         = {An optional note}
}

@manual{manual,
  title        = {The title of the work},
  author       = {Peter Gainsford}, 
  organization = {The organization},
  address      = {The address of the publisher},
  edition      = 3,
  month        = 7,
  year         = 1993,
  note         = {An optional note}
}

@mastersthesis{mastersthesis,
  author       = {Peter Harwood}, 
  title        = {The title of the work},
  school       = {The school of the thesis},
  year         = 1993,
  address      = {The address of the publisher},
  month        = 7,
  note         = {An optional note}
}

@misc{misc,
  author       = {Peter Isley}, 
  title        = {The title of the work},
  howpublished = {How it was published},
  month        = 7,
  year         = 1993,
  note         = {An optional note}
}

@phdthesis{phdthesis,
  author       = {Peter Joslin}, 
  title        = {The title of the work},
  school       = {The school of the thesis},
  year         = 1993,
  address      = {The address of the publisher},
  month        = 7,
  note         = {An optional note}
}

@proceedings{proceedings,
  title        = {The title of the work},
  year         = 1993,
  editor       = {Peter Kidwelly},
  volume       = 4,
  series       = 5,
  address      = {The address of the publisher},
  month        = 7,
  organization = {The organization},
  publisher    = {The name of the publisher},
  note         = {An optional note}
}

@techreport{techreport,
  author       = {Peter Lambert}, 
  title        = {The title of the work},
  institution  = {The institution that published},
  year         = 1993,
  number       = 2,
  address      = {The address of the publisher},
  month        = 7,
  note         = {An optional note}
}

@unpublished{unpublished,
  author       = {Peter Marcheford}, 
  title        = {The title of the work},
  note         = {An optional note},
  month        = 7,
  year         = 1993
}

@online{online,
  author       = {MultiMedia LLC}, 
  title        = {{MS Windows NT} Kernel Description},
  year         = 1999,
  url          = {http://www.whateveritis.com},
  urldate      = {2010-09-30}
}

@patent{edison,
    title      = {Electric distribution system},
    author     = {Edison, Thomas A.},
    number     = {266793},
    type       = {patentus},
    date       = {1882-10-31}
}

@article{oetiker1995not,
  title={The not so short introduction to LATEX2$\varepsilon$},
  author={Oetiker, Tobias and Partl, Hubert and Hyna, Irene and Schlegl, Elisabeth},
  journal={Electronic document available at http://www. tex. ac. uk/tex-archive/info/lshort},
  year={1995},
  publisher={Citeseer}
}

@book{kottwitz2015latex,
  title={LaTeX Cookbook},
  author={Kottwitz, Stefan},
  year={2015},
  publisher={Packt Publishing Ltd}
}

@misc{bibtex,
  author       = {CTAN}, 
  title        = {{B}i{B}{T}e{X} Documentation},
  url          = {https://ctan.org/topic/bibtex-doc},
  year         = {2017}
}